@article{korshunov2012tematic,
  title={Тематическое моделирование текстов на естественном языке},
  author={Коршунов, Антон и Гомзин, Андрей},
  journal={CyberLeninka},
  year={2012},
  url={https://cyberleninka.ru/article/n/tematicheskoe-modelirovanie-tekstov-na-estestvennom-yazyke}
}

@article{blei2011introduction,
  title={Введение в вероятностные тематические модели},
  author={Blei, David M.},
  journal={Columbia University},
  year={2011},
  url={https://www.cs.columbia.edu/~blei/papers/Blei2011.pdf}
}

@article{perez2020interpretable,
  title={Понятные тематические модели для кластеризации документов},
  author={Perez, Maria and Nguyen, Andrew},
  journal={arXiv preprint},
  year={2020},
  url={https://arxiv.org/pdf/1309.6874}
}

@inproceedings{lau2011automatic,
  title={Automatic Labelling of Topic Models},
  author={Lau, Jey Han and Grieser, Karl and Newman, David and Baldwin, Timothy},
  booktitle={Proceedings of the 49th Annual Meeting of the Association for Computational Linguistics: Human Language Technologies},
  year={2011},
  url={https://www.researchgate.net/publication/220874747_Automatic_Labelling_of_Topic_Models}
}

@article{5langston2024automated,
  title={Автоматизированное обобщение тезисов и содержания нескольких документов с использованием больших языковых моделей},
  author={Langston, Oliver and Ashford, Brian},
  journal={TechRxiv},
  year={2024},
  url={https://www.techrxiv.org/doi/full/10.36227/techrxiv.172262754.45577350}
}

@article{6ronnqvist2015exploratory,
  title={Исследовательское тематическое моделирование с использованием дистрибутивной семантики},
  author={Rönnqvist, Samuel},
  journal={arXiv preprint},
  year={2015},
  url={https://arxiv.org/pdf/1507.04798}
}

@inproceedings{7kiselev2005clustering,
  title={Метод кластеризации текстов, учитывающий совместную встречаемость ключевых терминов...},
  author={Киселев, М. В. and Пивоваров, В. С. and Шмулевич, М. М.},
  booktitle={Информационные Материалы конференции},
  year={2005},
  url={https://elar.urfu.ru/bitstream/10995/1421/1/IMAT_2005_22.pdf}
}

@article{8daume2009alignment,
  title={Настройка выравнивания слов и фраз для автоматического суммирования документов},
  author={Daumé III, Hal and Marcu, Daniel},
  journal={arXiv preprint},
  year={2009},
  url={https://arxiv.org/pdf/0907.0804}
}

@article{9badenes2020crosslingual,
  title={Масштабируемое межъязыковое сходство документов с помощью иерархий концепций...},
  author={Badenes-Olmedo, Carlos and Redondo García, Jose-Luis and Corcho, Oscar},
  journal={arXiv preprint},
  year={2020},
  url={https://arxiv.org/pdf/2101.03026}
}

@article{blei2003lda,
  title={Latent Dirichlet Allocation},
  author={Blei, David M and Ng, Andrew Y and Jordan, Michael I},
  journal={Journal of Machine Learning Research},
  volume={3},
  pages={993--1022},
  year={2003}
}

@article{steyvers2007lda,
  title={Probabilistic topic models},
  author={Steyvers, Mark and Griffiths, Thomas},
  journal={Handbook of Latent Semantic Analysis},
  volume={427},
  pages={424--440},
  year={2007}
}

@inproceedings{papineni2002bleu,
  title={BLEU: a method for automatic evaluation of machine translation},
  author={Papineni, Kishore and Roukos, Salim and Ward, Todd and Zhu, Wei-Jing},
  booktitle={Proceedings of the 40th Annual Meeting of the Association for Computational Linguistics},
  pages={311--318},
  year={2002},
  organization={ACL}
}

@inproceedings{lavie2007meteor,
  title={METEOR: An automatic metric for MT evaluation with improved correlation with human judgments},
  author={Lavie, Alon and Agarwal, Abhaya},
  booktitle={Proceedings of the Second Workshop on Statistical Machine Translation},
  pages={228--231},
  year={2007},
  organization={ACL}
}

@inproceedings{vaswani2017attention,
  title={Attention is all you need},
  author={Vaswani, Ashish and Shazeer, Noam and Parmar, Niki and Uszkoreit, Jakob and Jones, Llion and Gomez, Aidan N and Kaiser, Lukasz and Polosukhin, Illia},
  booktitle={Advances in Neural Information Processing Systems},
  pages={5998--6008},
  year={2017}
}
